@String{pub-ANSI        = "American National Standards Institute"}
@String{pub-ANSI:adr    = "1430 Broadway, New York, NY 10018, USA"}

@misc{ion:spec,
  title		= {The Ion Specification},
  author	= {Ion Team},
  howpublished  = "\url{http://amzn.github.io/ion-docs/docs/spec.html}",
  url		= {http://amzn.github.io/ion-docs/docs/spec.html},
  journal	= {The Ion Specification},
  note          = {[Online; accessed 01-May-2020]}
}

@Book{sql92:spec,
  author		=  {American National Standards Institute},
  title			=  "{ANSI} {X3}.135-1992: Information Systems --- Database Language --- {SQL} (includes {ANSI} {X3}.168-1989)",
  publisher		=  pub-ANSI,
  address		=  pub-ANSI:adr,
  year			=  "1989",
  URL			=  "http://www.ansi.org/",
}
